{
  "leader": "03732cam a2200469 i 4500",
  "fields": [
    {
      "001": "ocm00094029\\"
    },
    {
      "003": "OCoLC"
    },
    {
      "005": "20220630142937.0"
    },
    {
      "008": "701007s1970\\\\\\\\nyua\\\\\\\\\\bs\\\\\\001\\0\\eng\\\\"
    },
    {
      "010": {
        "ind1": "\\",
        "ind2": "\\",
        "subfields": [
          {
            "a": "   70104182 "
          }
        ]
      }
    },
    {
      "040": {
        "ind1": "\\",
        "ind2": "\\",
        "subfields": [
          {
            "a": "DLC"
          },
          {
            "b": "eng"
          },
          {
            "c": "DLC"
          },
          {
            "d": "EL{dollar}"
          },
          {
            "d": "MUQ"
          },
          {
            "d": "NLGGC"
          },
          {
            "d": "BTCTA"
          },
          {
            "d": "BAKER"
          },
          {
            "d": "CRU"
          },
          {
            "d": "DEBBG"
          },
          {
            "d": "BDX"
          },
          {
            "d": "UKMGB"
          },
          {
            "d": "EZN"
          },
          {
            "d": "OCLCF"
          },
          {
            "d": "IAD"
          },
          {
            "d": "OCLCQ"
          },
          {
            "d": "IAD"
          },
          {
            "d": "OCLCQ"
          },
          {
            "d": "CSJ"
          },
          {
            "d": "NLC"
          },
          {
            "d": "OCLCQ"
          },
          {
            "d": "VOD"
          },
          {
            "d": "OCLCQ"
          },
          {
            "d": "NNM"
          },
          {
            "d": "IL4J6"
          },
          {
            "d": "OCLCO"
          },
          {
            "d": "BTN"
          },
          {
            "d": "OCLCO"
          }
        ]
      }
    },
    {
      "016": {
        "ind1": "\\",
        "ind2": "\\",
        "subfields": [
          {
            "a": "(AMICUS)000001803315"
          }
        ]
      }
    },
    {
      "016": {
        "ind1": "7",
        "ind2": "\\",
        "subfields": [
          {
            "a": "002619177"
          },
          {
            "2": "Uk"
          }
        ]
      }
    },
    {
      "019": {
        "ind1": "\\",
        "ind2": "\\",
        "subfields": [
          {
            "a": "7650369"
          },
          {
            "a": "1124627382"
          }
        ]
      }
    },
    {
      "020": {
        "ind1": "\\",
        "ind2": "\\",
        "subfields": [
          {
            "a": "0871546159"
          }
        ]
      }
    },
    {
      "020": {
        "ind1": "\\",
        "ind2": "\\",
        "subfields": [
          {
            "a": "9780871546159"
          }
        ]
      }
    },
    {
      "035": {
        "ind1": "\\",
        "ind2": "\\",
        "subfields": [
          {
            "a": "(OCoLC)94029"
          },
          {
            "z": "(OCoLC)7650369"
          },
          {
            "z": "(OCoLC)1124627382"
          }
        ]
      }
    },
    {
      "043": {
        "ind1": "\\",
        "ind2": "\\",
        "subfields": [
          {
            "a": "n-us---"
          }
        ]
      }
    },
    {
      "050": {
        "ind1": "0",
        "ind2": "0",
        "subfields": [
          {
            "a": "H11"
          },
          {
            "b": ".N2432 no. 111"
          }
        ]
      }
    },
    {
      "055": {
        "ind1": "0",
        "ind2": "3",
        "subfields": [
          {
            "a": "HG4028.C6"
          },
          {
            "b": "N44"
          }
        ]
      }
    },
    {
      "082": {
        "ind1": "0",
        "ind2": "0",
        "subfields": [
          {
            "a": "361.73"
          },
          {
            "b": "NEL"
          }
        ]
      }
    },
    {
      "100": {
        "ind1": "1",
        "ind2": "\\",
        "subfields": [
          {
            "a": "Nelson, Ralph L."
          },
          {
            "q": "(Ralph Lowell),"
          },
          {
            "d": "1926-"
          }
        ]
      }
    },
    {
      "245": {
        "ind1": "1",
        "ind2": "0",
        "subfields": [
          {
            "a": "Economic factors in the growth of corporation giving /"
          },
          {
            "c": "[by] Ralph L. Nelson."
          }
        ]
      }
    },
    {
      "260": {
        "ind1": "\\",
        "ind2": "\\",
        "subfields": [
          {
            "a": "New York :"
          },
          {
            "b": "National Bureau of Economic Research,"
          },
          {
            "c": "1970. "
          }
        ]
      }
    },
    {
      "300": {
        "ind1": "\\",
        "ind2": "\\",
        "subfields": [
          {
            "a": "xvii, 116 pages :"
          },
          {
            "b": "illustrations ;"
          },
          {
            "c": "24 cm"
          }
        ]
      }
    },
    {
      "336": {
        "ind1": "\\",
        "ind2": "\\",
        "subfields": [
          {
            "a": "text"
          },
          {
            "b": "txt"
          },
          {
            "2": "rdacontent"
          }
        ]
      }
    },
    {
      "337": {
        "ind1": "\\",
        "ind2": "\\",
        "subfields": [
          {
            "a": "unmediated"
          },
          {
            "b": "n"
          },
          {
            "2": "rdamedia"
          }
        ]
      }
    },
    {
      "338": {
        "ind1": "\\",
        "ind2": "\\",
        "subfields": [
          {
            "a": "volume"
          },
          {
            "b": "nc"
          },
          {
            "2": "rdacarrier"
          }
        ]
      }
    },
    {
      "490": {
        "ind1": "1",
        "ind2": "\\",
        "subfields": [
          {
            "a": "National Bureau of Economic Research. Occasional paper"
          },
          {
            "v": "111"
          }
        ]
      }
    },
    {
      "500": {
        "ind1": "\\",
        "ind2": "\\",
        "subfields": [
          {
            "a": "Publications of Russell Sage Foundation."
          }
        ]
      }
    },
    {
      "504": {
        "ind1": "\\",
        "ind2": "\\",
        "subfields": [
          {
            "a": "Includes bibliographical references."
          }
        ]
      }
    },
    {
      "505": {
        "ind1": "0",
        "ind2": "\\",
        "subfields": [
          {
            "a": "1. Introduction and Summary -- Orientation of the Study -- Unrecorded Philanthropic Involvement -- Summary of Findings: The Growth of Corporation Giving, Economic Determinants of Giving, Company-Sponsored Foundations -- 2. The Focus and Growth of Corporation Giving -- The Growth Position of Corporation Giving Relative to Other Components of Private Philanthropy -- Historical Development of Giving -- Relation of Giving to the Gross National Product -- Relation of Giving to Corporate Net Income: Contributions by Corporations with Profits, Contributions by Corporations Having Losses -- The Number of Companies Making Contributions -- Trends in Net After-Tax Outlays for Contributions -- Interpretation of Tax Return Data: Philanthropic Outlays Included as Business Expense, The Mixture of Family and Corporate Giving in the Small Corporation -- 3. Economic Analysis of Corporate Giving -- Factors Affecting Corporate Giving: The Scale Effect, The Price Effect, The Trend in Tastes and Other Influences on Giving, Anticipation of Tax Rate Changes, The Profitability Effect -- Time-Series Analysis: Scale and Profitability Elasticities, Price Elasticity, Expectations of Changes in Excess-Profits Taxes, Trend in Tastes and Other Influences on Giving, Changes from 1963 to 1964 -- Cross-Sectional Analysis: Corporate Size, Profitability and Giving, Employment and Giving, Dividends and Giving -- Summary -- 4. Company-Sponsored Foundations -- The Functions of Company-Sponsored Foundations -- Growth of Endowment Since 1950: 1951-1956, 1956-1960, 1961-1964 -- Effect on the Flow of Total Corporate Contributions -- The Mix of Family and Corporate Support of CompanySponsored Foundations."
          }
        ]
      }
    },
    {
      "650": {
        "ind1": "\\",
        "ind2": "0",
        "subfields": [
          {
            "a": "Corporations"
          },
          {
            "x": "Charitable contributions"
          },
          {
            "z": "United States."
          }
        ]
      }
    },
    {
      "650": {
        "ind1": "\\",
        "ind2": "7",
        "subfields": [
          {
            "a": "Corporations"
          },
          {
            "x": "Charitable contributions."
          },
          {
            "2": "fast"
          },
          {
            "0": "(OCoLC)fst00879812"
          }
        ]
      }
    },
    {
      "651": {
        "ind1": "\\",
        "ind2": "7",
        "subfields": [
          {
            "a": "United States."
          },
          {
            "2": "fast"
          },
          {
            "0": "(OCoLC)fst01204155"
          }
        ]
      }
    },
    {
      "830": {
        "ind1": "\\",
        "ind2": "0",
        "subfields": [
          {
            "a": "Occasional paper (National Bureau of Economic Research) ;"
          },
          {
            "v": "111."
          }
        ]
      }
    },
    {
      "856": {
        "ind1": "4",
        "ind2": "2",
        "subfields": [
          {
            "3": "Contributor biographical information"
          },
          {
            "u": "http://catdir.loc.gov/catdir/enhancements/fy1602/70104182-b.html"
          }
        ]
      }
    },
    {
      "856": {
        "ind1": "4",
        "ind2": "2",
        "subfields": [
          {
            "3": "French equivalent / E\u0301quivalent franc\u0327ais"
          },
          {
            "u": "https://bac-lac.on.worldcat.org/oclc/422005039"
          }
        ]
      }
    },
    {
      "856": {
        "ind1": "4",
        "ind2": "2",
        "subfields": [
          {
            "3": "Publisher description"
          },
          {
            "u": "http://catdir.loc.gov/catdir/enhancements/fy1602/70104182-d.html"
          }
        ]
      }
    },
    {
      "994": {
        "ind1": "\\",
        "ind2": "\\",
        "subfields": [
          {
            "a": "Z0"
          },
          {
            "b": "NYRVC"
          }
        ]
      }
    },
    {
      "948": {
        "ind1": "\\",
        "ind2": "\\",
        "subfields": [
          {
            "h": "NO HOLDINGS IN NYRVC - 458 OTHER HOLDINGS"
          }
        ]
      }
    },
    {
      "999": {
        "ind1": "\\",
        "ind2": "\\",
        "subfields": [
          {
            "a": "00000000013873"
          }
        ]
      }
    }
  ]
}